<record xmlns="http://www.loc.gov/MARC21/slim" xmlns:xsi="http://www.w3.org/2001/XMLSchema-instance" xsi:schemaLocation="http://www.loc.gov/MARC21/slim http://www.loc.gov/standards/marcxml/schema/MARC21slim.xsd"><leader>     nam a22        4500</leader><controlfield tag="001">3073636</controlfield><controlfield tag="003">NNC</controlfield><controlfield tag="006">m        d        </controlfield><controlfield tag="007">cr cn |||m|||a</controlfield><controlfield tag="008">150316s1917    iq      od    000 0 arard</controlfield><datafield ind1=" " ind2=" " tag="040"><subfield code="a">NNU</subfield><subfield code="b">eng</subfield><subfield code="e">rda</subfield><subfield code="c">NNU</subfield></datafield><datafield ind1=" " ind2=" " tag="043"><subfield code="a">aw-----</subfield><subfield code="a">ff-----</subfield><subfield code="a">e-sp---</subfield></datafield><datafield ind1=" " ind2="4" tag="050"><subfield code="a">DS43</subfield><subfield code="b">.Z36 1917</subfield></datafield><datafield ind1="1" ind2=" " tag="100"><subfield code="6">880-01</subfield><subfield code="a">Zamakhshari&#772;, Mah&#803;mu&#772;d ibn &#699;Umar,</subfield><subfield code="d">1075-1144.</subfield></datafield><datafield ind1="1" ind2="3" tag="245"><subfield code="6">880-02</subfield><subfield code="a">al-Jiba&#772;l wa-al-amkinah wa-al-miya&#772;h /</subfield><subfield code="c">tas&#803;ni&#772;f Abi&#772; al-Qa&#772;sim Mah&#803;mu&#772;d ibn &#699;Umar al-Zamakhshari&#772;.</subfield></datafield><datafield ind1="1" ind2=" " tag="246"><subfield code="i">Added title on cover:</subfield><subfield code="a">Geographical dictionary of mountains, places and springs</subfield></datafield><datafield ind1=" " ind2=" " tag="250"><subfield code="6">880-03</subfield><subfield code="a">al-T&#803;ab&#699;ah 1.</subfield></datafield><datafield ind1=" " ind2=" " tag="260"><subfield code="6">880-04</subfield><subfield code="a">al-Najaf :</subfield><subfield code="b">al-Mat&#803;ba&#699;ah al-H&#803;aydari&#772;yah wa-Maktabatuha&#772; al-Murtad&#803;awi&#772;yah,</subfield><subfield code="c">1917.</subfield></datafield><datafield ind1=" " ind2=" " tag="300"><subfield code="a">online resource (24, 5, 114 pages)</subfield></datafield><datafield ind1=" " ind2=" " tag="336"><subfield code="a">text</subfield><subfield code="2">rdacontent</subfield></datafield><datafield ind1=" " ind2=" " tag="337"><subfield code="a">computer</subfield><subfield code="2">rdamedia</subfield></datafield><datafield ind1=" " ind2=" " tag="338"><subfield code="a">online resource</subfield><subfield code="2">rdacarrier</subfield></datafield><datafield ind1=" " ind2=" " tag="500"><subfield code="a">Cover title.</subfield></datafield><datafield ind1=" " ind2=" " tag="500"><subfield code="a">Part of the Arabic Collections Online (ACO) project, contributed by Columbia University Libraries.</subfield></datafield><datafield ind1=" " ind2=" " tag="533"><subfield code="a">Electronic reproduction.</subfield><subfield code="b">New York, N.Y. :</subfield><subfield code="c">New York University,</subfield><subfield code="d">2015.</subfield><subfield code="5">NNU</subfield></datafield><datafield ind1=" " ind2="0" tag="651"><subfield code="a">Islamic Empire</subfield><subfield code="v">Gazetteers.</subfield></datafield><datafield ind1=" " ind2="7" tag="651"><subfield code="a">Islamic Empire.</subfield><subfield code="2">fast</subfield><subfield code="0">(OCoLC)fst01244134</subfield></datafield><datafield ind1=" " ind2="7" tag="655"><subfield code="a">Gazetteers.</subfield><subfield code="2">fast</subfield><subfield code="0">(OCoLC)fst01423817</subfield></datafield><datafield ind1="2" ind2=" " tag="710"><subfield code="a">Columbia University.</subfield><subfield code="b">Libraries.</subfield></datafield><datafield ind1="0" ind2=" " tag="730"><subfield code="a">Arabic Collections Online.</subfield></datafield><datafield ind1="0" ind2="8" tag="776"><subfield code="i">Online version:</subfield><subfield code="a">Zamakhshari&#772;, Mah&#803;mu&#772;d ibn &#699;Umar, 1075-1144.</subfield><subfield code="t">Jiba&#772;l wa-al-amkinah wa-al-miya&#772;h.</subfield><subfield code="b">al-T&#803;ab&#699;ah 1.</subfield><subfield code="d">al-Najaf : al-Mat&#803;ba&#699;ah al-H&#803;aydari&#772;yah wa-Maktabatuha&#772; al-Murtad&#803;awi&#772;yah, 1917</subfield><subfield code="w">(OCoLC)858281610</subfield></datafield><datafield ind1="0" ind2="8" tag="776"><subfield code="i">Print version:</subfield><subfield code="a">Zamakhshari&#772;, Mah&#803;mu&#772;d ibn &#699;Umar, 1075-1144.</subfield><subfield code="t">al-Jiba&#772;l wa-al-amkinah wa-al-miya&#772;h</subfield><subfield code="w">(NNC)3073636</subfield><subfield code="w">(OCoLC)42597755</subfield></datafield><datafield ind1="4" ind2="0" tag="856"><subfield code="u">http://hdl.handle.net/2333.1/6t1g1n56</subfield></datafield><datafield ind1="1" ind2=" " tag="880"><subfield code="6">100-01/r</subfield><subfield code="a">&#1586;&#1605;&#1582;&#1588;&#1585;&#1610;&#1548; &#1605;&#1581;&#1605;&#1608;&#1583; &#1576;&#1606; &#1593;&#1605;&#1585;&#1548;</subfield><subfield code="d">10751144.</subfield></datafield><datafield ind1="1" ind2="2" tag="880"><subfield code="6">245-02/r</subfield><subfield code="a">&#1575;&#1604;&#1580;&#1576;&#1575;&#1604; &#1608;&#1575;&#1604;&#1575;&#1605;&#1603;&#1606;&#1577; &#1608;&#1575;&#1604;&#1605;&#1610;&#1575;&#1607; /</subfield><subfield code="c">&#1578;&#1589;&#1606;&#1610;&#1601; &#1575;&#1576;&#1610; &#1575;&#1604;&#1602;&#1575;&#1587;&#1605; &#1605;&#1581;&#1605;&#1608;&#1583; &#1576;&#1606; &#1593;&#1605;&#1585; &#1575;&#1604;&#1586;&#1605;&#1582;&#1588;&#1585;&#1610;.</subfield></datafield><datafield ind1=" " ind2=" " tag="880"><subfield code="6">250-03/r</subfield><subfield code="a">&#1575;&#1604;&#1591;&#1576;&#1593;&#1577; 1.</subfield></datafield><datafield ind1=" " ind2=" " tag="880"><subfield code="6">260-04/r</subfield><subfield code="a">&#1575;&#1604;&#1606;&#1580;&#1601; :</subfield><subfield code="b">&#1575;&#1604;&#1605;&#1591;&#1576;&#1593;&#1577; &#1575;&#1604;&#1581;&#1610;&#1583;&#1585;&#1610;&#1577; &#1608;&#1605;&#1603;&#1578;&#1576;&#1578;&#1607;&#1575; &#1575;&#1604;&#1605;&#1585;&#1578;&#1590;&#1608;&#1610;&#1577;&#1548;</subfield><subfield code="c">1917.</subfield></datafield><datafield ind1=" " ind2=" " tag="959"><subfield code="a">NNU</subfield><subfield code="b">WEB</subfield><subfield code="c">GENI</subfield><subfield code="t">0</subfield><subfield code="m">Electronic access</subfield><subfield code="s">01</subfield></datafield><datafield ind1=" " ind2=" " tag="999"><subfield code="i">NNC_3073636</subfield><subfield code="o">(OCoLC)ocm42597755</subfield><subfield code="e">(ERROR-880)</subfield><subfield code="s">columbia_aco000385</subfield></datafield></record>